@article{oesterle1988abc,
  author    = {Oesterl{\'e}, Joseph},
  title     = {Nouvelles approches du "théorème" de Fermat},
  journal   = {Astérisque},
  volume    = {161-162},
  year      = {1988},
  pages     = {165--186},
  note      = {Séminaire Bourbaki, Vol. 1987/88, Exp. No. 694}
}

@inproceedings{masser1985abc,
  author    = {Masser, D. W.},
  title     = {Open problems},
  booktitle = {Proceedings of the Symposium on Analytic Number Theory},
  year      = {1985},
  editor    = {Chen, W. W. L.},
  publisher = {Imperial College, London}
}

@article{granville1998abc,
  author  = {Granville, Andrew},
  title   = {{ABC} Allows Us to Count Squarefrees},
  journal = {International Mathematics Research Notices},
  volume  = {1998},
  number  = {19},
  pages   = {991--1009},
  year    = {1998}
}

@misc{desmit2024abcdb,
  author    = {de Smit, Bart},
  title     = {{ABC} triples database},
  howpublished = {\url{https://pub.math.leidenuniv.nl/~smitbde/abc/}},
  year      = {2024},
  note      = {Accessed: August 25, 2025}
}

@misc{joshi2025abcupdate,
  author  = {Joshi, Kirti},
  title   = {Update on {ABC}-related work},
  year    = {2025},
  note    = {Title and publication details are placeholders based on user-provided information}
}

@book{vojta1987diophantine,
  author    = {Vojta, Paul},
  title     = {Diophantine Approximations and Value Distribution Theory},
  series    = {Lecture Notes in Mathematics},
  volume    = {1239},
  year      = {1987},
  publisher = {Springer-Verlag},
  doi       = {10.1007/BFb0072989}
}

@misc{allen2021abcml,
  author  = {Allen, A. and et al.},
  title   = {Machine Learning Approaches to the {ABC} Conjecture},
  year    = {2021},
  note    = {Title and publication details are placeholders based on user-provided information}
}

@proceedings{szpiro1990discriminant,
  editor    = {Szpiro, Lucien},
  title     = {Séminaire sur les Pinceaux de Courbes Elliptiques},
  series    = {Astérisque},
  volume    = {183},
  year      = {1990},
  publisher = {Société Mathématique de France}
}

@misc{pollack2005,
  author  = {Pollack, Paul},
  title   = {On the {ABC} Conjecture},
  year    = {2005},
  note    = {Title and publication details are placeholders based on user-provided information}
}
